2946 4924
1145 223 1154 269 ι
1233 249 1234 255 ,

256 275 326 370 ¹,

257 475 354 544 qoam
380 461 536 598 perquanp
560 463 699 554 mugnus
728 451 796 528 lolt
812 473 984 554 numerus
981 438 1058 522 tom
1075 463 1326 528 commentatio-

161 627 172 648 .
257 595 335 670 num
352 599 432 666 quas
454 583 525 665 ipre
546 577 689 661 contuli,
709 569 779 642 lum
801 588 982 642 errntomm
1002 595 1085 662 quae
1104 569 1241 662 subtuli,
1259 599 1327 645 non

239 698 394 782 contigit
413 709 527 764 tamen
555 685 629 761 eard
656 695 788 782 assequi
809 697 1091 780 convenientiam,
1109 697 1327 781 constantiam

255 829 300 886 et
306 813 428 902 fidem,
454 833 537 900 quae
564 811 756 900 singulatim
780 813 827 878 in
843 833 881 918 re
908 807 1101 918 literaria·
1077 833 1157 900 pure
1185 827 1326 902 optatur.

231 933 335 1010 rlude
355 931 443 998 band
463 951 559 1011 raro,
581 931 664 1018 quae
685 917 793 995 miirus
812 891 1061 1016 expectaveris,
1073 925 1326 1020 deprehendes,

220 1080 229 1123 .·
253 1073 337 1142 quae
355 1073 449 1120 vero
465 1039 625 1112 eodem
608 1067 687 1131 Jure
712 1055 886 1133 expectes,
918 1067 986 1114 non
1009 1049 1173 1140 inuenies.
1222 1049 1325 1118 Modo

142 1247 147 1260 „
254 1170 408 1256 sepniatn
426 1167 530 1236 modo,
545 1166 903 1252 conjuncta-reperies,
931 1179 1014 1253 qnae
1034 1133 1180 1236 vicissim
1205 1155 1336 1262 belles„

174 1286 177 1289 ’
252 1301 290 1354 ut
307 1287 393 1376 qood
406 1290 442 1352 in
458 1281 627 1372 theologia
645 1281 878 1372 bibliua⁸quam
895 1277 1218 1372 plurimaleguntur,
1237 1265 1320 1374 qa'ae
1339 1319 1343 1322 ·
1417 1357 1424 1374 ,

137 1461 139 1466 ,
248 1406 374 1472 rectius
396 1402 584 1489 theologiae
612 1402 815 1487 dogmaticae
846 1389 962 1467 aliisve
989 1401 1171 1488 disciplinis
1191 1403 1341 1472 inserta·
1425 1427 1427 1430 ·

251 1533 366 1611 essent
376 1523 454 1601 (rix
464 1521 553 1586 enim
564 1515 647 1604 opus
662 1530 713 1582 est
724 1518 812 1582 viros
825 1516 939 1586 doetus
952 1529 1104 1605 monere,
1119 1527 1204 1584 utne
1214 1539 1322 1584 meam

146 1627 149 1634 ’
250 1638 293 1706 de
308 1637 484 1726 theologie
480 1608 615 1704 biblio'a
629 1638 826 1701 sententiam
838 1657 881 1702 ex
892 1639 957 1708 ista
968 1639 1115 1708 sectione
1125 1635 1321 1704 concludere

179 1752 182 1767 '
245 1755 386 1864 velint),
405 1756 549 1846 itemque
570 1753 657 1842 quod
675 1776 758 1858 quae
779 1755 820 1819 de
842 1753 1002 1822 librorum
1021 1778 1189 1824 sacrorum
1214 1758 1319 1842 inspi-

248 1874 378 1938 ratione
399 1886 536 1962 atquae
557 1874 597 1938 de
618 1886 751 1958 peccato
773 1887 894 1960 egunt,
914 1871 1023 1938 baec
1012 1888 1099 1940 mter
1118 1873 1321 1962 theologiam

247 1991 467 2078 dogmaticam
488 2008 522 2060 et
540 1992 717 2074 moralem,
739 1989 828 2056 illa
817 2003 904 2068 mter
924 1990 1159 2078 prolegomene
1185 1994 1321 2080 dogma-

156 2127 163 2142 '
247 2109 332 2178 tices
351 2089 389 2175 et
401 2090 601 2199 theologiam
620 2107 859 2196 apologeticam
887 2117 965 2176 runt
983 2110 1179 2195 distributa,
1204 2125 1238 2176 et
1257 2100 1321 2184 hu·
1344 2176 1348 2193 ,

243 2231 305 2316 jus
323 2229 458 2315 generis
478 2225 559 2294 alis.
601 2225 809 2318 Quatnquam
829 2227 911 2299 talia
929 2224 978 2292 ‘eo
997 2227 1104 2315 magis
1132 2229 1319 2302 condonare

3 2367 5 2376 ⁴
126 2370 128 2376 ·
245 2327 402 2437 poterant‘
417 2343 578 2427 lectores,
601 2352 708 2432 quum
722 2347 871 2432 profecto
891 2345 1119 2416 difficillimam
1130 2350 1189 2437 sit,
1210 2361 1319 2414 certas
1418 2337 1421 2344 ⁴

165 2533 169 2542 ,
201 2493 215 2508 ··
231 2447 283 2534 Δἱιι
304 2463 357 2533 bis
378 2465 596 2530 distinctionis
615 2458 710 2552 leges
731 2477 766 2528 et
785 2463 929 2530 seribere
951 2479 986 2550 pt
1004 2467 1099 2542 tueri;
1119 2486 1217 2551 quum
1237 2464 1320 2535 scri·
1347 2489 1349 2498 ’

141 2623 144 2640 ·
245 2588 378 2674 ptiones
397 2583 484 2650 haud
508 2603 586 2650 raro
619 2597 813 2684 argumentp
833 2593 893 2647 sun
920 2588 970 2664 ita
995 2579 1160 2677 babeanl,
1189 2602 1226 2650 nt
1251 2606 1316 2672 quo

108 2683 112 2690 .
213 2724 215 2726 ·
244 2705 453 2792 potissimum
482 2705 687 2788 pertineant,
712 2721 777 2802 nen
804 2699 968 2770 immerito
997 2699 1195 2788 ambigatuu
1218 2723 1317 2788 quum

245 2823 387 2912 denique
407 2843 491 2908 quae
513 2843 559 2885 ex
578 2819 640 2886 boe
661 2839 782 2906 genere
804 2832 927 2900 essent,
946 2804 1135 2914 plerumque
1157 2818 1231 2906 plus
1249 2843 1315 2886 uno

212 2982 218 3004 ι
242 2941 319 3010 loeo
342 2937 572 3014 exhibeantur.
606 2937 680 3032 §lui
699 2959 778 3002 vero
798 2939 904 3024 primo
917 2939 988 3002 fere
1012 2935 1127 3002 obtutu
1147 2937 1317 3004 offendant

134 3071 137 3078 ’
244 3039 354 3140 tituli,
375 3057 444 3121 sive
464 3057 615 3146 pmrtsive
638 3059 742 3144 queue
758 3057 845 3118 nacti
866 3068 942 3120 sunt
961 3053 1070 3136 loetum
1092 3069 1233 3140 rpentes,
1255 3075 1323 3122 eos·

155 3245 170 3265 N
200 3147 204 3166 l
243 3179 328 3244 scito
350 3167 527 3260 plerosque
552 3194 666 3237 ornnes
693 3193 745 3236 me
773 3171 967 3257 contulisse,
1001 3172 1114 3262 ibique
1136 3161 1314 3264 aliquoties
1376 3193 1388 3216 ⁰

243 3293 426 3372 accidisse,
441 3304 478 3353 ut
495 3289 532 3352 in·
550 3291 622 3374 ipsa
643 3291 817 3386 prineipqli
836 3291 1049 3380 inscriptione
1072 3303 1313 3374 erratum„esse
1342 3291 1344 3296 ’

242 3412 284 3480 ab
308 3403 496 3479 auctoribus
517 3387 823 3505 deppelrenderetur.
870 3456 873 3476 ,
959 3475 963 3488 ,

213 3612 215 3620 ’
254 3611 259 3632 ·
327 3591 609 3682 Magislurtasse
641 3591 783 3656 lectores
811 3591 1093 3678 impediet,·quod
1119 3550 1311 3676 disputatio-

226 3681 302 3786 qne!
334 3683 394 3783 sub
434 3707 627 3800 praeside
669 3710 848 3792 defensae,
875 3729 1084 3804 quamquam
1117 3677 1307 3797 plerumque

112 3828 114 3838 ¹
232 3836 388 3928 praesidi
411 3830 623 3956 assignatae,
658 3829 791 3914 saepius
815 3829 1052 3912 respondentis,
1084 3830 1289 3915 siquidem
1277 3851 1310 3896 m

119 3983 139 3995 '¹
240 3964 358 4022 erector
390 3932 496 4028 e'sset,
521 3945 708 4032 aliquoties
734 3951 910 4033 utriusque
942 3945 1091 4010 ιιοιιιὶιιι
1095 3959 1308 4031 ,comparent

192 4059 345 4153 Quum
376 4069 552 4156 pleraeque
588 4066 659 4130 sive
688 4067 839 4150 integrae
871 4065 942 4132 slve
975 4084 1022 4130 ex
1054 4063 1182 4147 majore
1213 4075 1306 4148 parte

235 4189 442 4282 praesidibus
463 4184 676 4267 deberentur,
709 4181 828 4250 horum
857 4182 1056 4250 nominibus
1075 4203 1132 4250 eas
1159 4184 1308 4253 excitare
